<?xml version="1.0" encoding="UTF-8"?><collection xmlns="http://www.loc.gov/MARC21/slim"><record><leader>00547nam--2200157-i-4500</leader><controlfield tag="001">000010535</controlfield><controlfield tag="002">20161230</controlfield><controlfield tag="005">20170129225302</controlfield><controlfield tag="008">060222s1000------------r-----000-0-eng-d</controlfield><datafield ind1=" " ind2=" " tag="080"><subfield code="a">577.3:620.179.15:015</subfield></datafield><datafield ind1=" " ind2=" " tag="100"><subfield code="a">Brugal, G</subfield></datafield><datafield ind1=" " ind2=" " tag="245"><subfield code="a">Etude autoradiographique de l influence de la temperature sur la proliferation cellulaire ch ez les embryons ages de pleurodeles waltlii mi chah.(amphibien, urodele)</subfield><subfield code="b">these</subfield></datafield><datafield ind1=" " ind2=" " tag="260"><subfield code="a">Universite Scientifique Et Medicale</subfield><subfield code="c">1970</subfield></datafield><datafield ind1=" " ind2=" " tag="300"><subfield code="a">/205-225 p.</subfield></datafield><datafield ind1=" " ind2=" " tag="852"><subfield code="a">38122</subfield></datafield><datafield ind1=" " ind2=" " tag="CAT"><subfield code="a">SYS</subfield><subfield code="c">20170129</subfield><subfield code="h">225302</subfield></datafield></record></collection>